%% This BibTeX bibliography file was created using BibDesk.
%% http://bibdesk.sourceforge.net/


%% Created for Michael Frank at 2015-03-04 21:50:35 -0800 


%% Saved with string encoding Unicode (UTF-8) 



@article{doyle2015,
	Author = {Doyle, Gabriel and Frank, Michael C},
	Date-Added = {2015-03-05 05:48:41 +0000},
	Date-Modified = {2015-03-05 05:50:35 +0000},
	Journal = {Proceedings of NAACL-HLT},
	Title = {Shared common ground influences information density in microblog texts},
	Year = {2015}}

@article{vega2009,
	Author = {Vega, Alejandro and Ward, Nigel},
	Date-Added = {2015-03-05 05:07:38 +0000},
	Date-Modified = {2015-03-05 05:07:42 +0000},
	Title = {Looking for Entropy Rate Constancy in Spoken Dialog},
	Year = {2009}}

@article{aylett2006,
	Author = {Aylett, Matthew and Turk, Alice},
	Date-Added = {2014-12-03 19:10:18 +0000},
	Date-Modified = {2014-12-03 19:10:22 +0000},
	Journal = {The Journal of the Acoustical Society of America},
	Number = {5},
	Pages = {3048--3058},
	Publisher = {Acoustical Society of America},
	Title = {Language redundancy predicts syllabic duration and the spectral characteristics of vocalic syllable nuclei},
	Volume = {119},
	Year = {2006}}

@article{aylett2004,
	Author = {Aylett, Matthew and Turk, Alice},
	Date-Added = {2014-12-03 19:10:17 +0000},
	Date-Modified = {2014-12-03 19:10:22 +0000},
	Journal = {Language and Speech},
	Number = {1},
	Pages = {31--56},
	Publisher = {SAGE Publications},
	Title = {The smooth signal redundancy hypothesis: A functional explanation for relationships between redundancy, prosodic prominence, and duration in spontaneous speech},
	Volume = {47},
	Year = {2004}}

@article{bell2003,
	Author = {Bell, Alan and Jurafsky, Daniel and Fosler-Lussier, Eric and Girand, Cynthia and Gregory, Michelle and Gildea, Daniel},
	Date-Added = {2014-12-05 00:35:44 +0000},
	Date-Modified = {2014-12-05 00:36:16 +0000},
	Journal = {The Journal of the Acoustical Society of America},
	Number = {2},
	Pages = {1001--1024},
	Publisher = {Acoustical Society of America},
	Title = {Effects of disfluencies, predictability, and utterance position on word form variation in {E}nglish conversation},
	Volume = {113},
	Year = {2003}}

@inproceedings{bird2006,
	Author = {Bird, Steven},
	Booktitle = {Proceedings of the COLING/ACL on Interactive presentation sessions},
	Date-Added = {2014-12-03 19:34:25 +0000},
	Date-Modified = {2014-12-03 19:34:39 +0000},
	Organization = {Association for Computational Linguistics},
	Pages = {69--72},
	Title = {{NLTK}: the natural language toolkit},
	Year = {2006}}

@article{boston2008,
	Author = {Boston, Marisa and Hale, John and Kliegl, Reinhold and Patil, Umesh and Vasishth, Shravan},
	Date-Added = {2014-12-05 00:21:31 +0000},
	Date-Modified = {2014-12-05 07:00:37 +0000},
	Journal = {Journal of Eye Movement Research},
	Number = {1},
	Pages = {1-12},
	Title = {Parsing costs as predictors of reading difficulty: An evaluation using the Potsdam Sentence Corpus},
	Volume = {2},
	Year = {2008}}

@article{brennan1996,
	Author = {Brennan, Susan E and Clark, Herbert H},
	Date-Added = {2014-12-03 19:31:57 +0000},
	Date-Modified = {2014-12-03 19:33:05 +0000},
	Journal = {Journal of Experimental Psychology: Learning, Memory, and Cognition},
	Number = {6},
	Pages = {1482},
	Publisher = {American Psychological Association},
	Title = {Conceptual pacts and lexical choice in conversation.},
	Volume = {22},
	Year = {1996}}

@book{clark1996,
	Author = {Clark, Herbert H},
	Date-Added = {2014-12-03 19:33:39 +0000},
	Date-Modified = {2014-12-03 19:34:39 +0000},
	Publisher = {Cambridge University Press Cambridge},
	Title = {Using language},
	Volume = {1996},
	Year = {1996}}

@article{dale1995,
	Author = {Dale, Robert and Reiter, Ehud},
	Date-Added = {2014-12-04 23:44:49 +0000},
	Date-Modified = {2014-12-04 23:44:50 +0000},
	Journal = {Cognitive science},
	Number = {2},
	Pages = {233--263},
	Publisher = {Wiley Online Library},
	Title = {Computational interpretations of the {G}ricean maxims in the generation of referring expressions},
	Volume = {19},
	Year = {1995}}

@article{demberg2008,
	Author = {Demberg, Vera and Keller, Frank},
	Date-Added = {2014-12-05 00:21:25 +0000},
	Date-Modified = {2014-12-05 00:21:33 +0000},
	Journal = {Cognition},
	Number = {2},
	Pages = {193--210},
	Publisher = {Elsevier},
	Title = {Data from eye-tracking corpora as evidence for theories of syntactic processing complexity},
	Volume = {109},
	Year = {2008}}

@inproceedings{doyle2014,
	Author = {Doyle, Gabriel},
	Booktitle = {Proceedings of the European Chapter of the Association for Computational Linguistics},
	Date-Added = {2014-12-03 19:34:07 +0000},
	Date-Modified = {2014-12-03 19:34:39 +0000},
	Title = {Mapping dialectal variation by querying social media},
	Year = {2014}}

@inproceedings{eisenstein2013,
	Author = {Eisenstein, Jacob},
	Booktitle = {HLT-NAACL},
	Date-Added = {2014-12-03 19:34:20 +0000},
	Date-Modified = {2014-12-03 19:34:39 +0000},
	Pages = {359--369},
	Title = {What to do about bad language on the internet.},
	Year = {2013}}

@inproceedings{frank2008,
	Author = {Frank, Austin and Jaeger, T Florian},
	Booktitle = {Proceedings of the 30th annual meeting of the cognitive science society},
	Date-Added = {2014-12-03 19:10:32 +0000},
	Date-Modified = {2014-12-03 19:33:05 +0000},
	Organization = {Cognitive Science Society Washington, DC},
	Pages = {933--938},
	Title = {Speaking rationally: Uniform information density as an optimal strategy for language production},
	Year = {2008}}

@article{frank2012,
	Author = {Frank, Michael C and Goodman, Noah D},
	Date-Added = {2014-12-05 00:25:39 +0000},
	Date-Modified = {2014-12-05 00:25:39 +0000},
	Journal = {Science},
	Number = {6084},
	Pages = {998--998},
	Publisher = {American Association for the Advancement of Science},
	Title = {Predicting pragmatic reasoning in language games},
	Volume = {336},
	Year = {2012}}

@inproceedings{genzel2003,
	Author = {Genzel, Dmitriy and Charniak, Eugene},
	Booktitle = {Proceedings of the 2003 conference on Empirical Methods in Natural Language Processing},
	Date-Added = {2014-12-03 19:28:55 +0000},
	Date-Modified = {2014-12-03 19:33:05 +0000},
	Organization = {Association for Computational Linguistics},
	Pages = {65--72},
	Title = {Variation of entropy and parse trees of sentences as a function of the sentence number},
	Year = {2003}}

@inproceedings{genzel2002,
	Author = {Genzel, Dmitriy and Charniak, Eugene},
	Booktitle = {Proceedings of the 40th annual meeting of the Association for Computational Linguistics},
	Date-Added = {2014-12-03 19:28:54 +0000},
	Date-Modified = {2014-12-03 19:33:05 +0000},
	Organization = {Association for Computational Linguistics},
	Pages = {199--206},
	Title = {Entropy rate constancy in text},
	Year = {2002}}

@article{grice1975,
	Author = {Grice, H.P.},
	Date-Added = {2014-12-05 00:25:36 +0000},
	Date-Modified = {2014-12-05 00:25:36 +0000},
	Journal = {Syntax and Semantics},
	Pages = {41--58},
	Title = {{Logic and conversation}},
	Volume = {3},
	Year = {1975}}

@article{grice2013,
	Author = {Grice, H Paul},
	Date-Added = {2014-12-05 00:24:50 +0000},
	Date-Modified = {2014-12-05 00:25:36 +0000},
	Journal = {The Semantics-Pragmatics Boundary in Philosophy},
	Pages = {47},
	Publisher = {Broadview Press},
	Title = {Logic and conversation},
	Year = {2013}}

@inproceedings{hale2001,
	Author = {Hale, John},
	Booktitle = {Proceedings of the second meeting of the North American Chapter of the Association for Computational Linguistics on Language technologies},
	Date-Added = {2014-12-04 23:46:26 +0000},
	Date-Modified = {2014-12-04 23:46:35 +0000},
	Organization = {Association for Computational Linguistics},
	Pages = {1--8},
	Title = {A probabilistic Earley parser as a psycholinguistic model},
	Year = {2001}}

@article{jaeger2010,
	Author = {Jaeger, TF},
	Date-Added = {2014-12-03 18:56:19 +0000},
	Date-Modified = {2014-12-03 18:58:02 +0000},
	Journal = {Cognitive Psychology},
	Number = {1},
	Pages = {23--62},
	Publisher = {Elsevier},
	Title = {Redundancy and reduction: Speakers manage syntactic information density},
	Volume = {61},
	Year = {2010}}

@inproceedings{jones2008,
	Author = {Jones, Quentin and Moldovan, Mihai and Raban, Daphne and Butler, Brian},
	Booktitle = {Proceedings of the 2008 ACM conference on Computer supported cooperative work},
	Organization = {ACM},
	Pages = {323--332},
	Title = {Empirical evidence of information overload constraining chat channel community interactions},
	Year = {2008}}

@inproceedings{jones2001a,
	Author = {Jones, Quentin and Ravid, Gilad and Rafaeli, Sheizaf},
	Booktitle = {Human-computer Interaction: INTERACT'01: IFIP TC. 13 International Conference on Human-Computer Interaction, 9th-13th July 2001, Tokyo, Japan},
	Organization = {IOS Press},
	Pages = {43},
	Title = {Information overload and virtual public discourse boundaries},
	Year = {2001}}

@inproceedings{jones2001b,
	Author = {Jones, Quentin and Ravid, Gilad and Rafaeli, Sheizaf},
	Booktitle = {{CHI'01 extended abstracts on human factors in computing systems}},
	Date-Modified = {2014-12-05 06:58:02 +0000},
	Organization = {ACM},
	Pages = {177--178},
	Title = {Empirical evidence for information overload in mass interaction},
	Year = {2001}}

@article{levy2008,
	Author = {Levy, Roger},
	Date-Added = {2014-12-04 23:46:18 +0000},
	Date-Modified = {2014-12-04 23:46:35 +0000},
	Journal = {Cognition},
	Number = {3},
	Pages = {1126--1177},
	Publisher = {Elsevier},
	Title = {Expectation-based syntactic comprehension},
	Volume = {106},
	Year = {2008}}

@inproceedings{levy2007,
	Author = {Levy, Roger P and Jaeger, TF},
	Booktitle = {Advances in neural information processing systems},
	Date-Added = {2014-12-03 18:57:06 +0000},
	Date-Modified = {2014-12-03 19:33:26 +0000},
	Pages = {849--856},
	Title = {Speakers optimize information density through syntactic reduction},
	Year = {2007}}

@article{lin2014,
	Author = {Lin, Yu-Ru and Keegan, Brian and Margolin, Drew and Lazer, David},
	Date-Added = {2014-12-04 23:52:25 +0000},
	Date-Modified = {2014-12-04 23:52:25 +0000},
	Journal = {PloS one},
	Number = {5},
	Pages = {e94093},
	Publisher = {Public Library of Science},
	Title = {Rising tides or rising stars?: Dynamics of shared attention on Twitter during media events},
	Volume = {9},
	Year = {2014}}

@inproceedings{lin2013,
	Author = {Lin, Yu-Ru and Margolin, Drew and Keegan, Brian and Lazer, David},
	Booktitle = {Proceedings of the 22nd international conference on World Wide Web},
	Date-Added = {2014-12-04 23:52:17 +0000},
	Date-Modified = {2014-12-04 23:52:17 +0000},
	Organization = {International World Wide Web Conferences Steering Committee},
	Pages = {737--748},
	Title = {Voices of victory: A computational focus group framework for tracking opinion shift in real time},
	Year = {2013}}

@article{martinez2013,
	Author = {Martinez-Romo, Juan and Araujo, Lourdes},
	Date-Added = {2014-12-04 23:52:37 +0000},
	Date-Modified = {2014-12-04 23:52:37 +0000},
	Journal = {Expert Systems with Applications},
	Number = {8},
	Pages = {2992--3000},
	Publisher = {Elsevier},
	Title = {Detecting malicious tweets in trending topics using a statistical analysis of language},
	Volume = {40},
	Year = {2013}}

@article{metzing2003,
	Author = {Metzing, Charles and Brennan, Susan E},
	Date-Added = {2014-12-03 19:32:10 +0000},
	Date-Modified = {2014-12-03 19:33:06 +0000},
	Journal = {Journal of Memory and Language},
	Number = {2},
	Pages = {201--213},
	Publisher = {Elsevier},
	Title = {When conceptual pacts are broken: Partner-specific effects on the comprehension of referring expressions},
	Volume = {49},
	Year = {2003}}

@article{miller1956,
	Author = {Miller, George A},
	Date-Added = {2014-12-03 19:32:37 +0000},
	Date-Modified = {2014-12-03 19:33:02 +0000},
	Journal = {Psychological Review},
	Number = {2},
	Pages = {81},
	Publisher = {American Psychological Association},
	Title = {The magical number seven, plus or minus two: some limits on our capacity for processing information.},
	Volume = {63},
	Year = {1956}}

@inproceedings{nordmeyer2014,
	Author = {Nordmeyer, Ann E and Frank, Michael C},
	Booktitle = {Proceedings of the 36th Annual Meeting of the Cognitive Science Society},
	Date-Added = {2014-12-05 00:26:00 +0000},
	Date-Modified = {2014-12-05 00:27:29 +0000},
	Title = {A pragmatic account of the processing of negative sentences},
	Year = {2014}}

@inproceedings{owoputi2013,
	Author = {Owoputi, Olutobi and O'Connor, Brendan and Dyer, Chris and Gimpel, Kevin and Schneider, Nathan and Smith, Noah A.},
	Booktitle = {Proceedings of NAACL 2013},
	Date-Modified = {2015-03-05 05:06:19 +0000},
	Owner = {Doyle},
	Timestamp = {2015.03.04},
	Title = {Improved Part-of-Speech Tagging for Online Conversational Text with Word Clusters},
	Year = {2013}}

@article{qian2012,
	Author = {Qian, Ting and Jaeger, T Florian},
	Date-Added = {2014-12-02 21:56:43 +0000},
	Date-Modified = {2014-12-02 21:56:47 +0000},
	Journal = {Cognitive Science},
	Number = {7},
	Pages = {1312--1336},
	Publisher = {Wiley Online Library},
	Title = {Cue effectiveness in communicatively efficient discourse production},
	Volume = {36},
	Year = {2012}}

@inproceedings{schoberth2003,
	Author = {Schoberth, Thomas and Preece, Jennifer and Heinzl, Armin},
	Booktitle = {Proceedings of the 36th Annual Hawaii International Conference on System Sciences},
	Organization = {IEEE},
	Pages = {10--18},
	Title = {Online communities: A longitudinal analysis of communication activities},
	Year = {2003}}

@article{sedivy1999,
	Author = {Sedivy, Julie C and K Tanenhaus, Michael and Chambers, Craig G and Carlson, Gregory N},
	Date-Added = {2014-12-04 23:43:46 +0000},
	Date-Modified = {2014-12-04 23:44:50 +0000},
	Journal = {Cognition},
	Number = {2},
	Pages = {109--147},
	Publisher = {Elsevier},
	Title = {Achieving incremental semantic interpretation through contextual representation},
	Volume = {71},
	Year = {1999}}

@article{shannon1948,
	Author = {Shannon, Claude E},
	Date-Added = {2014-12-03 19:32:55 +0000},
	Date-Modified = {2014-12-03 19:33:02 +0000},
	Journal = {Bell System Tech. J},
	Pages = {623},
	Title = {Bell System Tech. J. 27 (1948) 379; CE Shannon},
	Volume = {27},
	Year = {1948}}

@article{smith2013,
	Author = {Smith, Nathaniel J and Levy, Roger},
	Date-Added = {2014-12-05 00:21:57 +0000},
	Date-Modified = {2014-12-05 00:21:58 +0000},
	Journal = {Cognition},
	Number = {3},
	Pages = {302--319},
	Publisher = {Elsevier},
	Title = {The effect of word predictability on reading time is logarithmic},
	Volume = {128},
	Year = {2013}}

@book{sperber1986,
	Address = {Cambridge, MA},
	Author = {Sperber, Dan and Wilson, Deirdre},
	Date-Added = {2014-12-05 00:24:21 +0000},
	Date-Modified = {2014-12-05 06:58:32 +0000},
	Publisher = {Harvard University Press},
	Title = {Relevance: Communication and Cognition},
	Year = {1986}}

@book{tango2007,
	Author = {Tango, Tom M and Lichtman, Mitchel G and Dolphin, Andrew E},
	Date-Added = {2014-12-05 00:37:02 +0000},
	Date-Modified = {2014-12-05 00:37:07 +0000},
	Publisher = {Potomac Books, Inc.},
	Title = {The book: Playing the percentages in baseball},
	Year = {2007}}

@incollection{whittaker2003,
	Author = {Whittaker, Steve and Terveen, Loen and Hill, Will and Cherny, Lynn},
	Booktitle = {From Usenet to CoWebs},
	Pages = {79--91},
	Publisher = {Springer},
	Title = {The dynamics of mass interaction},
	Year = {2003}}
